2342 4300
179 380 642 456 081TV‚.ETscR11>Tls
669 379 1008 456 unumunurm

149 525 241 583 oppido
256 525 428 573 scientililmoe:
449 523 532 580 quihus
546 521 614 579 proin
630 521 742 578 uoluptati
757 520 861 568 summae
877 521 922 569 elie
934 528 1015 581 peae-

150 618 215 663 runt
237 659 241 665 ,
258 609 339 667 Neque
353 609 416 657 euim
429 618 520 665 togatae
533 619 615 663 omner
628 604 720 653 inerunt
729 605 866 653 comoediae
877 604 960 659 Plauti.
973 588 1013 653 lei

151 674 262 753 palliatae
276 695 415 753 pleraeque,
431 702 455 754 et
466 691 560 740 ulterius
577 693 694 741 interdum
710 691 822 744 nationis,
837 690 914 736 alieno
924 676 1014 738 soiecr'·
1045 749 1047 754 Ι

152 777 232 835 lentis.
274 777 370 835 Linguis
388 777 459 837 iqltm
476 776 603 834 peregrinis
623 773 681 822 risus
697 776 845 823 commodum
865 778 888 822 in
905 775 1015 835 spellam·

152 863 183 933 lie
197 859 243 910 fuit
258 862 455 909 commoueudur:
477 873 536 920 quae
550 859 583 908 ita
596 870 676 909 tannen
687 860 821 919 peregrinae
835 861 944 909 dicendae
953 861 1013 917 lunt,

151 956 180 994 ut
196 960 212 993 a
227 947 294 993 nolis
309 947 397 994 Graece
414 945 499 1004 pariter
516 954 540 993 er
558 945 645 994 Punice
665 959 737 1004 aeque
756 957 826 1004 etque
842 948 925 1013 Latina
946 945 1015 995 hodie

152 1018 282 1089 ecpiantnr.
324 1032 384 1087 Quid
405 1031 499 1080 multe!
527 1031 664 1079 criminatio
683 1033 739 1079 haec
754 1032 848 1090 quidem
862 1043 924 1078 certe
939 1022 1015 1078 Plauti

152 1115 245 1162 somma
266 1113 316 1162 lr'ns
335 1117 396 1162 erit:
424 1114 467 1163 nili
488 1114 548 1185 iocre
568 1115 645 1185 Ennio
666 1118 749 1167 Poetae
771 1116 828 1164 nitio
847 1096 923 1161 nortae
942 1114 1015 1162 trilin-

144 1212 225 1256 guem
239 1200 361 1257 peritiam,
378 1212 423 1258 qua
437 1212 461 1248 et
474 1201 570 1254 Latine.
587 1212 612 1249 er
626 1178 698 1256 orne.
715 1210 739 1248 et
753 1200 832 1249 Volice
846 1200 954 1256 loquutus
968 1199 1014 1253 eli,

152 1297 228 1342 eoque
243 1286 336 1332 nomine
355 1285 399 1332 tria
414 1285 485 1332 didius
501 1285 547 1332 fuir
557 1287 642 1333 habere
657 1288 733 1334 coma
774 1284 860 1342 Quidni
874 1283 945 1341 igitur
959 1282 1016 1330 Vru·

151 1370 193 1417 ber
216 1369 291 1416 noller
307 1381 330 1419 et
345 1371 449 1418 Romane
466 1368 552 1422 firnnl,
574 1379 598 1417 ee
615 1372 720 1426 Graece,
741 1379 767 1419 et
783 1371 869 1418 Punice
889 1368 1025 1427 lequenrri.

154 1466 209 1512 quus
224 1455 264 1501 ille
281 1455 387 1512 linguas,
403 1465 428 1502 vr
442 1454 506 1510 suas,
524 1458 600 1502 erade
616 1456 733 1503 didicerat.

208 1588 326 1635 Firllo
343 1589 437 1636 tandem
452 1590 512 1635 harro
525 1588 625 1634 nostram
641 1588 671 1633 de
685 1588 749 1642 vire,
769 1598 797 1634 ac
812 1587 898 1644 scriptis
911 1585 945 1632 ld.
961 1584 1016 1631 Ai'r

154 1670 213 1718 011
237 1672 388 1720 PLdVTI
404 1674 538 1720 Diatriben:
567 1671 592 1719 in
608 1684 653 1729 qua
666 1683 708 1728 pro
726 1672 804 1717 diuina
817 1673 885 1717 laude
900 1672 959 1718 tanti
974 1670 1017 1717 Co.

154 1757 209 1804 mici
225 1771 272 1804 non
289 1760 368 1805 omnia
383 1759 509 1807 lorraffisan
523 1760 593 1815 (lixis
602 1768 661 1814 quoe
675 1754 759 1807 debui·
777 1768 835 1812 quae
850 1755 932 1814 pomi,
947 1754 1017 1810 idque

153 1841 245 1898 prorius
259 1843 385 1891 deliberato
399 1857 427 1891 ao
440 1844 529 1892 lubenti
545 1857 609 1892 ame
623 1843 707 1890 sudium
721 1832 887 1890 foir'cunfilior
915 1839 1018 1896 eoquod

155 1929 262 1974 omnium
271 1927 504 1977 sacculorumiudiciu
512 1930 624 1989 acquirite
637 1928 765 1977 admodum
773 1925 889 1977 etouriose
898 1934 1016 1980 nmqrum

154 2025 196 2070 per
206 2015 297 2060 rabulas
306 2013 439 2072 conquifiui.
449 2028 507 2073 quae
521 2016 591 2064 inllur
599 2017 713 2065 donillimi
728 2015 807 2062 arietis
815 2013 901 2070 opponi
910 2011 1016 2066 deinceps

153 2107 264 2157 poterunt
281 2099 327 2153 iis,
352 2099 409 2158 qui,
432 2113 485 2147 cum
505 2116 534 2151 ne
553 2116 594 2161 per
607 2104 754 2169 muniendam
770 2102 864 2160 quidem
880 2096 1017 2145 Comoedi&

154 2192 205 2230 tem
221 2182 331 2237 illustris,
348 2194 396 2231 tarn
411 2186 485 2242 dciii,
501 2198 552 2236 tam
566 2189 658 2244 diferri,
681 2200 775 2247 umque
789 2186 876 2237 faceti,
898 2192 922 2229 et
936 2181 1017 2228 erbaci

154 2268 244 2316 comici
262 2268 335 2314 oculis
349 2267 395 2315 surr
410 2270 539 2328 viurparinr
552 2288 678 2333 umquam,
696 2287 724 2322 er
740 2271 841 2320 inscitiae
854 2266 1018 2326 typhonrl‘l'e·
1096 2293 1100 2298 -

153 2352 285 2401 tertianam
303 2350 347 2398 sese
361 2354 438 2408 potior
455 2355 575 2405 conferunt
590 2358 688 2406 socnam.
717 2368 786 2413 quam
803 2354 949 2405 Plautinum,
972 2362 1018 2396 nnn

153 2437 326 2496 intelligentes,
344 2437 427 2489 Afrum
442 2441 524 2496 ilium,
542 2445 571 2490 od
589 2445 715 2501 puritatem
731 2439 843 2487 sermonis
856 2434 1018 2491 uadendum

154 2522 179 2570 in
194 2536 223 2569 eo
241 2536 288 2569 uon
304 2523 388 2570 iniuria
402 2526 561 2581 admirantur,
579 2539 706 2584 numquam
721 2523 862 2582 peccentur,
878 2520 961 2578 abique
975 2519 1018 2566 ele·

154 2607 248 2663 mutue
265 2613 329 2662 patre
344 2607 377 2654 Μ.
394 2610 462 2656 douln
479 2609 560 2657 Plauto
568 2610 657 2659 ·fuifl'et.
695 2610 761 2656 Vnde
776 2604 964 2674 onice'effettom
978 2602 1017 2655 est·

155 2702 181 2739 vt
195 2692 220 2738 ln
235 2692 295 2738 hano
308 2692 383 2739 laudis
397 2695 585 2741 communionem
601 2708 654 2742 cum
671 2694 752 2741 Plauto
773 2694 870 2741 adscitur
889 2690 959 2739 fuerit
973 2691 1019 2737 Tc·

156 2776 264 2823 rentius:
293 2778 396 2835 adeoque
419 2792 492 2826 enirm
516 2781 556 2838 qui
580 2780 694 2834 extollat,
720 2781 866 2827 commender
888 2784 1018 2834 etrumqne.

156 2859 270 2917 Vnutque
287 2860 333 2907 suis
348 2861 448 2919 ipsorum
465 2863 623 2922 temporibus,
647 2866 708 2921 quod
728 2865 757 2909 ad
777 2861 886 2920 loquendi
906 2860 1019 2907 rationem

156 2946 273 3001 pertinet.
289 2944 423 3001 satisfecit,
440 2958 508 3003 prout
523 2950 581 2995 reite
596 2948 706 2995 iudicauit
719 2947 775 2993 olim
787 2947 822 2993 vir
837 2944 958 2991 summus:
979 2942 1019 3001 qui

158 3028 213 3074 alibi
229 3039 308 3074 tamen
325 3031 480 3085 pronunciat,
502 3031 549 3077 fola
566 3032 773 3085 renouandum,
796 3040 821 3077 vt
831 3030 957 3077 Terentius
979 3026 1019 3073 ali·

159 3112 262 3171 quandiu
289 3112 405 3170 praelator
428 3113 498 3162 fuerit
523 3116 620 3171 Plauto,
647 3126 761 3173 quemque
788 3113 938 3161 nihilominus
959 3112 1021 3159 idern
1059 3146 1062 3152 ,

159 3197 278 3254 praedicnt
295 3206 320 3244 vt
335 3212 404 3243 vere-
417 3201 540 3245 (nminem.-
566 3212 591 3249 rr
605 3202 743 3248 Terentium
763 3210 810 3245 non
832 3196 874 3244 nid
890 3206 915 3244 vt
934 3196 1022 3254 operte

161 3296 224 3328 rem:
251 3282 337 3340 quippe
355 3284 393 3341 qui
415 3288 471 3332 dum
492 3287 606 3333 effoderet
628 3286 752 3341 puritatem
773 3282 883 3329 sermonis
905 3282 1021 3336 Plautini,

161 3365 284 3415 disceil'erit
304 3368 333 3413 ab
351 3381 397 3420 ea.
421 3380 490 3425 quam
511 3368 624 3425 praeliare
646 3351 748 3424 oportuit
771 3366 885 3413 comitate.
928 3367 1022 3413 Plautus

162 3456 262 3512 namque
277 3454 346 3500 rebus
361 3456 431 3501 rerba
444 3455 620 3502 accommodatc
635 3454 759 3502 Terentius
773 3466 829 3500 vero
846 3467 883 3500 res
899 3454 974 3501 verbir
984 3466 1023 3511 ep·

162 3540 247 3595 plicare
264 3539 355 3587 meluit.
401 3543 475 3597 litque
492 3542 537 3620 luco
552 3540 593 3599 qui
611 3554 658 3588 non
677 3539 802 3599 intelligit,
825 3539 982 3595 uersaretur,
1002 3537 1024 3587 ei

556 3649 561 3668 r
630 3622 675 3674 Gi
944 3623 1035 3669 inum
