2342 4300
133 414 135 419 ·
161 382 779 452 16“.1²u.ennn1o1ssnnu.un
803 389 929 455 utun,

157 539 159 543 ¹
209 518 288 574 Qualis
312 496 380 572 norro
400 514 429 559 de
449 512 506 559 sade
527 512 713 559 PLAVTVS
736 512 810 560 noster
824 513 910 566 suerit,
937 525 1015 569 qurum·

156 617 226 663 qnam
241 601 275 647 sui
290 600 415 655 imaginem
432 589 540 654 graphice
557 597 624 642 nobis
639 596 663 641 io
678 594 761 642 sabulis
774 595 820 642 suis
834 596 946 652 depinxit,
965 605 1015 642 vtut

156 686 241 734 curiose
258 682 373 738 hueusque
388 679 565 736 anquifiuen'm,
581 681 638 727 uerti
654 691 733 726 temen
745 680 800 737 quiid
818 687 962 735 compertum
976 679 1016 720 ha·

155 773 211 816 bere
225 780 272 814 non
286 767 358 823 potui.
387 765 514 811 Probabilis
528 765 626 812 omnino
639 765 731 810 videtur
744 775 824 810 eorum
839 761 964 811 sententio,
976 759 1015 815 qui

135 873 140 881 ·
156 855 180 900 in
198 851 294 909 persona
312 849 417 897 Pseudoli
431 849 507 907 ipsum
523 848 633 898 Plautum
649 849 746 906 effigiari
761 844 901 898 ooniiciunt,
916 845 952 890 his
968 857 1017 889 ver-

154 937 228 985 sibus:

261 1011 338 1076 Ruffm
356 1020 457 1074 quidam,
475 1016 605 1075 ventriosa,
619 1012 690 1078 craffi‘s
700 1015 771 1075 suris,
782 1015 889 1075 subniger,

262 1106 346 1163 Magno
364 1109 447 1164 capite,
466 1105 532 1151 mus
544 1105 620 1160 music,
637 1120 671 1151 ere
683 1104 808 1158 mkimndo,
825 1104 937 1150 mnndum

262 1189 349 1246 Magnis
360 1189 453 1248 pedibus.

155 1273 244 1320 Humili
260 1286 344 1331 genere
359 1283 383 1318 et
398 1272 485 1318 abieno
500 1283 646 1340 prognatum,
656 1272 743 1325 fuisse„
760 1272 813 1319 saris
827 1273 902 1328 arguit
919 1266 1017 1316 curuum

154 1356 224 1414 ipsius
238 1356 407 1409 infortunium,
425 1364 448 1402 et
461 1368 558 1411 crepera
572 1370 651 1403 rerum
665 1357 771 1403 omnium
787 1355 919 1402 vicissitudo.
961 1355 1018 1400 Poe·

154 1450 179 1486 ta
195 1442 299 1496 primum
316 1439 376 1493 fuit,
402 1438 534 1495 etquidem
552 1440 705 1496 pecuniosus,
730 1453 743 1487 e
760 1439 869 1486 felicitate
885 1438 1017 1484 fabularum

153 1523 331 1570 scribendarum.
373 1523 467 1569 Etenim
486 1525 573 1570 Romae
587 1523 719 1580 compositis
735 1523 838 1580 natisque
855 1525 884 1569 ad
903 1523 1016 1581 populum

154 1607 238 1653 sabulis
251 1607 370 1664 ingentem
387 1607 498 1663 pecuniae
514 1606 561 1653 vim
576 1606 602 1651 in
615 1608 692 1662 operis
705 1605 820 1652 artificum
835 1605 974 1653 scenicorum
990 1606 1017 1650 ii·

153 1691 178 1739 bi
191 1692 353 1750 comparauit:
381 1692 414 1737 vti
429 1690 538 1738 meminit
552 1691 626 1737 Varro
642 1691 704 1747 apud
718 1690 841 1745 ngeltium.
870 1691 929 1737 Hinc
944 1671 1015 1736 meio·

154 1778 186 1825 ris
199 1777 311 1835 spe-lumi
328 1777 358 1822 sd
373 1785 526 1823 mercaturam
542 1775 647 1821 animum
660 1774 761 1826 adiecit,
784 1775 931 1831 nummisque
948 1785 1017 1831 nego-

77 1920 80 1925 ·
154 1860 188 1909 tio
203 1861 318 1908 attributis
333 1858 407 1904 solum
424 1860 508 1906 vertit:
535 1858 575 1907 sed
591 1858 653 1904 mole
668 1871 693 1903 re
708 1857 769 1914 gesta
786 1858 852 1916 inops
868 1855 1017 1913 excussusque

76 1994 78 2000 ,
154 1945 254 1993 fortunis
267 1943 377 1989 omnibus
390 1944 489 1989 Romam
504 1943 586 1997 rediit,
602 1942 657 1989 teste
673 1944 755 1988 eodem
769 1942 880 1991 Varrone.

87 2032 91 2037 '
154 2071 156 2074 .
206 2028 265 2075 Inde
280 2026 360 2072 mirari
375 2023 422 2072 uon
434 2025 508 2080 subit,
529 2039 570 2073 our
584 2026 643 2072 nihil
660 2025 700 2072 iiie
715 2026 816 2072 crebrius
833 2029 917 2074 babeat
932 2027 955 2073 in
971 2026 1018 2072 suis

153 2115 250 2170 sabulis,
266 2126 335 2171 quum
349 2121 493 2168 mercatum,
513 2113 636 2171 pecuniam
649 2122 731 2159 mutuo
744 2121 876 2169 acceptam,
894 2122 1017 2170 argentum

153 2199 242 2246 foenori
257 2200 356 2251 dorum,
372 2194 525 2253 syngraphas,
545 2197 657 2251 tabellas,
672 2197 786 2250 rationes,
799 2206 823 2243 et
832 2198 856 2242 id
869 2190 1019 2253 genus‘num·

153 2284 228 2331 mutia
242 2282 333 2339 negotia
348 2280 400 2326 alin.
430 2281 457 2326 ln
473 2294 557 2338 magna
573 2282 705 2339 praesertim
719 2294 823 2329 annonae
838 2282 971 2329 difficultate
984 2284 1018 2339 pi·

153 2367 207 2413 stori
224 2379 318 2423 operam
333 2365 420 2412 locauit
434 2367 515 2423 suam,
530 2377 655 2425 occupatus
671 2368 740 2414 molis
754 2367 894 2414 uusadiibus
908 2368 1017 2414 circuma-

154 2452 250 2508 gendis,
267 2464 293 2496 no
307 2453 418 2497 vertendo
431 2451 493 2497 asino
507 2452 608 2499 molari:
633 2462 789 2510 quantumque
805 2434 916 2511 temporis
929 2455 958 2498 ab
972 2454 1018 2500 boo

154 2550 224 2594 opere
244 2535 336 2592 pistorio
352 2533 483 2592 supererat,
507 2547 597 2584 rantum
614 2540 678 2596 operi
697 2542 803 2596 poetico,
826 2523 985 2594 vertendisquo
1005 2549 1017 2583 e

156 2619 245 2666 Graeco
260 2618 358 2669 subulis,
375 2632 402 2664 ao
418 2621 544 2668 vendendis
557 2623 723 2680 impendebat:
752 2626 785 2672 nri
802 2623 930 2674 Eusebius,
950 2632 1019 2678 atque

153 2713 206 2749 ante
225 2697 291 2748 ill'nm
308 2702 381 2748 Varro
396 2700 522 2751 memoriae
537 2708 695 2763 prodiderunt
726 2711 759 2754 Ab
774 2722 815 2762 eo,
831 2708 892 2765 quod
904 2705 972 2760 supra
988 2704 1021 2750 di·

75 2853 79 2865 .
153 2786 194 2840 xi,
212 2786 443 2833 nomenASiNII
458 2790 575 2846 uulgoiiii
590 2793 789 2851 suitimpofitum.
819 2792 959 2849 Lapisenim
971 2803 1021 2836 mo·

76 2938 77 2947 ἵ
154 2869 224 2922 liiii»
246 2869 285 2925 sui
301 2869 402 2926 'widem
418 2872 487 2925 tfflts
507 2877 554 2930 ὄιος
568 2876 640 2924 dium
655 2911 662 2932 ,
676 2878 724 2923 siue
741 2878 825 2924 asinus.
867 2876 948 2930 Neque
964 2887 1020 2920 vero

154 2981 206 3014 tum
223 2970 338 3027 legimus,
353 2971 461 3027 pistorem
476 2971 542 3019 fuisse
557 2973 682 3023 Plautum,
702 2980 743 3016 not
756 2970 834 3026 pistori
846 2981 939 3024 operam
955 2970 1020 3015 stram

153 3052 253 3107 locasse,
276 3056 304 3101 de
320 3067 347 3100 eo
367 3056 544 3114 existimandum
561 3056 593 3101 est
609 3056 678 3101 verba
693 3055 763 3108 iieri,
786 3056 825 3110 qui
843 3066 913 3109 panes
929 3054 1021 3107 pontice

154 3135 273 3191 conficiat,
290 3150 317 3183 no
333 3140 425 3185 venales
441 3149 547 3196 exponat.
577 3142 627 3187 Hoc
641 3142 703 3187 enim
718 3153 791 3199 genus
806 3139 919 3187 artificum
933 3140 1021 3184 nonne

154 3235 201 3267 non
216 3221 282 3269 fuisse
298 3223 405 3271 Plautino
421 3238 495 3279 aeuo,
514 3227 623 3273 discimus
639 3241 667 3273 ex
684 3226 774 3277 Plinio,
789 3226 823 3273 itu
838 3224 964 3269 scribente:
985 3225 1022 3267 Pi-

125 3341 133 3350 ,
147 3306 212 3369 stores
227 3312 305 3379 Romne
321 3323 360 3353 non
374 3304 466 3364 suerunt
480 3310 511 3355 ad
524 3312 626 3374 Persscum
643 3311 707 3371 νήια
721 3311 814 3364 sedum,
837 3313 899 3354 annis
921 3308 947 3352 ab
969 3309 1020 3354 urbe

154 3392 237 3436 condita
246 3391 314 3451 fiepra
328 3397 447 3453 quingentos
460 3396 571 3454 osioginta.
595 3397 636 3457 ipſs
646 3410 724 3455 panem
732 3393 845 3451 fatiebant
860 3396 962 3451 Quirites.
992 3396 1022 3440 E⁴

114 3489 120 3508 ⁴
154 3487 205 3522 rant
220 3487 298 3522 autem
315 3478 424 3534 pistores,
441 3490 467 3526 ut
481 3482 514 3527 ait
528 3483 601 3529 Varro
616 3484 655 3528 lib.
670 3493 690 3526 ι.
704 3482 732 3525 de
747 3480 794 3525 vita
808 3478 887 3535 popuii
900 3478 966 3523 Rom
981 3479 1021 3532 (1¹¹1

154 3559 178 3604 5¹¹
196 3559 289 3616 pistrino
307 3563 421 3618 pinsenent
436 3566 542 3615 susinum.
581 3568 655 3625 coqui
665 3578 728 3619 vero,
739 3576 779 3611 aut
792 3565 916 3617 mulieres,
932 3564 961 3611 ad
977 3564 1023 3617 pri·

952 3659 1018 3695 tentos
